<?xml version="1.0" encoding="UTF-8"?><collection xmlns="http://www.loc.gov/MARC21/slim"><record><leader>00298nam--2200121-i-4500</leader><controlfield tag="001">000002612</controlfield><controlfield tag="002">20161230</controlfield><controlfield tag="005">20161230201025</controlfield><controlfield tag="008">060222s1000------------r-----000-0-eng-d</controlfield><datafield ind1=" " ind2=" " tag="100"><subfield code="a">Beier, W</subfield></datafield><datafield ind1=" " ind2=" " tag="245"><subfield code="a">Rohrentaschenbuch. herausgeber ..</subfield></datafield><datafield ind1=" " ind2=" " tag="260"><subfield code="a">Leipzig, Fachbuchverlag, 1954 514 P</subfield></datafield><datafield ind1=" " ind2=" " tag="852"><subfield code="a">10025</subfield></datafield></record></collection>